% Encoding: UTF-8

@Article{Bizer_2009,
  author        = {Christian Bizer and Tom Heath and Tim Berners-Lee},
  title         = {Linked Data - The Story So Far},
  journal       = {International Journal on Semantic Web and Information Systems},
  year          = {2009},
  volume        = {5},
  number        = {3},
  pages         = {1--22},
  __markedentry = {[b:1]},
  doi           = {10.4018/jswis.2009081901},
  owner         = {Brandon},
  publisher     = {{IGI} Global},
  timestamp     = {2017.02.07},
}

@Article{Bourgault_JLCA_2013,
  author        = {Bourgault, Guillaume and Lesage, Pascal and Samson, R\'ejean},
  title         = {Systematic disaggregation: a hybrid {LCI} computation algorithm enhancing interpretation phase in {LCA}},
  journal       = {Int.\ J.\ Life Cycle Assess.},
  year          = {2012},
  volume        = {17},
  number        = {6},
  pages         = {774--786},
  issn          = {0948-3349},
  __markedentry = {[b:1]},
  doi           = {10.1007/s11367-012-0418-7},
  keywords      = {Disaggregation; Interpretation phase; LCI algorithm; Matrix computation; Structural path analysis},
  language      = {English},
  publisher     = {Springer-Verlag},
}

@Article{Brandao_2014,
  author        = {Miguel Brand{\~{a}}o and Roland Clift and Annette Cowie and Suzie Greenhalgh},
  title         = {The Use of Life Cycle Assessment in the Support of Robust (Climate) Policy Making: Comment on {\textquotedblleft}Using Attributional Life Cycle Assessment to Estimate Climate-Change Mitigation {\ldots}{\textquotedblright}},
  journal       = {Journal of Industrial Ecology},
  year          = {2014},
  volume        = {18},
  number        = {3},
  pages         = {461--463},
  month         = {may},
  __markedentry = {[b:1]},
  doi           = {10.1111/jiec.12152},
  owner         = {Brandon},
  publisher     = {Wiley-Blackwell},
  timestamp     = {2017.02.07},
}

@Article{Cleary2009,
  author        = {Cleary, Julian},
  title         = {Life cycle assessments of municipal solid waste management systems: a comparative analysis of selected peer-reviewed literature},
  journal       = {Environment international},
  year          = {2009},
  volume        = {35},
  number        = {8},
  pages         = {1256--1266},
  month         = nov,
  issn          = {1873-6750},
  note          = {{PMID:} 19682746},
  __markedentry = {[b:1]},
  doi           = {10.1016/j.envint.2009.07.009},
  keywords      = {Computer Simulation, Environmental Pollutants, Refuse Disposal, Waste Products},
  owner         = {Brandon},
  shorttitle    = {Life cycle assessments of municipal solid waste management systems},
  timestamp     = {2015.10.30},
}

@Article{Curran2014,
  author        = {Curran, Mary Ann and Young, Steven B.},
  title         = {Critical review: a summary of the current state-of-practice},
  journal       = {Int.\ J.\ Life Cycle Assess.},
  year          = {2014},
  volume        = {19},
  number        = {10},
  pages         = {1667-1673},
  issn          = {0948-3349},
  __markedentry = {[b:1]},
  doi           = {10.1007/s11367-014-0778-2},
  keywords      = {Comparative assertion; Critical review; ISO 14040; ISO 14044; ISO TS 14071},
  language      = {English},
  owner         = {Brandon},
  publisher     = {Springer Berlin Heidelberg},
  timestamp     = {2015.10.30},
  url           = {http://dx.doi.org/10.1007/s11367-014-0778-2},
}

@Article{Donoho_2006,
  author        = {D.L. Donoho},
  title         = {Compressed sensing},
  journal       = {{IEEE} Transactions on Information Theory},
  year          = {2006},
  volume        = {52},
  number        = {4},
  pages         = {1289--1306},
  month         = {apr},
  __markedentry = {[b:1]},
  doi           = {10.1109/tit.2006.871582},
  publisher     = {Institute of Electrical and Electronics Engineers ({IEEE})},
}

@Article{Edelen_2017,
  author        = {Ashley Edelen and Wesley W. Ingwersen and Cristina Rodr{\'{\i}}guez and Rodrigo A. F. Alvarenga and Artur Ribeiro de Almeida and Gregor Wernet},
  title         = {Critical review of elementary flows in {LCA} data},
  journal       = {The International Journal of Life Cycle Assessment},
  year          = {2017},
  month         = {jul},
  __markedentry = {[b:1]},
  doi           = {10.1007/s11367-017-1354-3},
  publisher     = {Springer Nature},
  url           = {https://doi.org/10.1007/s11367-017-1354-3},
}

@TechReport{Eurostat_2008,
  author        = {Eurostat},
  title         = {Eurostat Manual of Supply, Use and Input-Output Tables},
  institution   = {Eurostat},
  year          = {2008},
  number        = {KS-RA-07-013-EN},
  address       = {Luxembourg},
  __markedentry = {[b:1]},
}

@Article{Finnveden_1999,
  author        = {G\"oran Finnveden},
  title         = {Methodological aspects of life cycle assessment of integrated solid waste management systems},
  journal       = {Resources, Conservation and Recycling},
  year          = {1999},
  volume        = {26},
  number        = {3-4},
  pages         = {173--187},
  month         = {jun},
  __markedentry = {[b:1]},
  doi           = {10.1016/s0921-3449(99)00005-1},
  publisher     = {Elsevier {BV}},
}

@Article{Heath2012,
  author        = {Heath, Garvin A. and Mann, Margaret K.},
  title         = {Background and Reflections on the Life Cycle Assessment Harmonization Project},
  journal       = {Journal of Industrial Ecology},
  year          = {2012},
  volume        = {16},
  pages         = {S8--S11},
  issn          = {1530-9290},
  __markedentry = {[b:1]},
  doi           = {10.1111/j.1530-9290.2012.00478.x},
  owner         = {Brandon},
  publisher     = {Blackwell Publishing Inc},
  timestamp     = {2015.10.30},
}

@Article{Henriksson2014,
  author        = {Henriksson, Patrik John Gustav and Guin\'ee, Jeroen Bartholomeus and Heijungs, Reinout and Koning, Arjan and Green, Darren Michael},
  title         = {A protocol for horizontal averaging of unit process data-including estimates for uncertainty},
  journal       = {The International Journal of Life Cycle Assessment},
  year          = {2014},
  volume        = {19},
  number        = {2},
  pages         = {429--436},
  issn          = {0948-3349},
  __markedentry = {[b:1]},
  doi           = {10.1007/s11367-013-0647-4},
  keywords      = {LCA; LCI; NUSAP; Uncertainty; Variability},
  language      = {English},
  owner         = {Brandon},
  publisher     = {Springer Berlin Heidelberg},
  timestamp     = {2015.10.30},
}

@Article{Herrmann_2015,
  author        = {Ivan T. Herrmann and Andreas Moltesen},
  title         = {Does it matter which Life Cycle Assessment ({LCA}) tool you choose? {\textendash} a comparative assessment of {SimaPro} and {GaBi}},
  journal       = {Journal of Cleaner Production},
  year          = {2015},
  volume        = {86},
  pages         = {163--169},
  month         = {jan},
  __markedentry = {[b:1]},
  doi           = {10.1016/j.jclepro.2014.08.004},
  publisher     = {Elsevier {BV}},
  url           = {http://dx.doi.org/10.1016/j.jclepro.2014.08.004},
}

@Article{Hertwich_JIE_2018,
  author        = {Edgar Hertwich and Niko Heeren and Brandon Kuczenski and Guillaume Majeau-Bettez and Rupert J. Myers and Stefan Pauliuk and Konstantin Stadler and Reid Lifset},
  title         = {Nullius in Verba: Advancing Data Transparency in Industrial Ecology},
  journal       = {Journal of Industrial Ecology},
  year          = {2018},
  volume        = {22},
  number        = {1},
  pages         = {6--17},
  month         = {jan},
  __markedentry = {[b:1]},
  doi           = {10.1111/jiec.12738},
  owner         = {Brandon},
  publisher     = {Wiley-Blackwell},
  timestamp     = {2018.02.05},
  url           = {https://doi.org/10.1111/jiec.12738},
}

@Article{Ingwersen_JLCA_2015,
  author        = {Ingwersen, Wesley W. and Hawkins, Troy R. and Transue, Thomas R. and Meyer, David E. and Moore, Gary and Kahn, Ezra and Arbuckle, Peter and Paulsen, Heidi and Norris, Gregory A.},
  title         = {A new data architecture for advancing life cycle assessment},
  journal       = {Int.\ J.\ Life Cycle Assess.},
  year          = {2015},
  volume        = {20},
  number        = {4},
  pages         = {520-526},
  issn          = {0948-3349},
  __markedentry = {[b:1]},
  doi           = {10.1007/s11367-015-0850-6},
  keywords      = {Life cycle assessment; Life cycle impact assessment; Resource description framework; Data harmonization; Nomenclature; Ontology},
  language      = {English},
  owner         = {Brandon},
  publisher     = {Springer Berlin Heidelberg},
  timestamp     = {2015.10.30},
  url           = {http://dx.doi.org/10.1007/s11367-015-0850-6},
}

@Book{iso14044,
  title         = {Environmental management --- Life cycle assessment --- Requirements and guidelines},
  publisher     = {ISO, Geneva, Switzerland},
  year          = {2006},
  author        = {ISO{~}14044},
  __markedentry = {[b:1]},
  owner         = {Brandon},
  timestamp     = {2015.10.30},
}

@Book{iso14071,
  title         = {Environmental management --- Life cycle assessment --- Critical review processes and reviewer competencies: Additional requirements and guidelines to ISO 14044:2006},
  publisher     = {ISO, Geneva, Switzerland},
  year          = {2014},
  author        = {ISO{~}14071},
  __markedentry = {[b:1]},
  owner         = {Brandon},
  timestamp     = {2015.10.30},
}

@TechReport{JRC_ILCD_ELCD_2013,
  author        = {Marco Recchioni and Fabrice Mathieux and Malgorzata Goralczyk and Erwin M. Schau},
  title         = {{ILCD} Data Network and {ELCD} Database: current use and further needs for supporting Environmental Footprint and Life Cycle Indicator Projects},
  institution   = {European Commission, Joint Research Centre},
  year          = {2013},
  number        = {EUR 25744 EN},
  address       = {Luxembourg},
  __markedentry = {[b:1]},
  doi           = {10.2788/78678},
  isbn          = {978-92-79-28179-2},
  publisher     = {European Union},
}

@Article{Khan_2011,
  author        = {Huda Khan and Brian Caruso and Jon Corson-Rikert and Dianne Dietrich and Brian Lowe and Gail Steinhart},
  title         = {{DataStaR}: Using the Semantic Web approach for Data Curation},
  journal       = {International Journal of Digital Curation},
  year          = {2011},
  volume        = {6},
  number        = {2},
  pages         = {209--221},
  month         = {oct},
  __markedentry = {[b:1]},
  doi           = {10.2218/ijdc.v6i2.197},
  owner         = {Brandon},
  publisher     = {Edinburgh University Library},
  timestamp     = {2017.02.07},
}

@Article{Kuczenski_ESD_2017,
  author        = {Brandon Kuczenski and Cetin Sahin and Amr El Abbadi},
  title         = {Privacy-preserving aggregation in life cycle assessment},
  journal       = {Environment Systems and Decisions},
  year          = {2016},
  volume        = {37},
  number        = {1},
  pages         = {13--21},
  month         = {dec},
  __markedentry = {[b:1]},
  doi           = {10.1007/s10669-016-9620-7},
  publisher     = {Springer Nature},
}

@Article{Kuczenski_JLCA_2015,
  author        = {Kuczenski, Brandon},
  title         = {Partial ordering of life cycle inventory databases},
  journal       = {The International Journal of Life Cycle Assessment},
  year          = {2015},
  volume        = {20},
  number        = {12},
  pages         = {1673â€“1683},
  month         = {Oct},
  issn          = {1614-7502},
  __markedentry = {[b:1]},
  doi           = {10.1007/s11367-015-0972-x},
  owner         = {b},
  publisher     = {Springer Science + Business Media},
  timestamp     = {2015.12.18},
  url           = {http://dx.doi.org/10.1007/s11367-015-0972-x},
}

@Article{Kuczenski_JLCA_2018,
  author        = {Brandon Kuczenski and Antonino Marvuglia and Miguel F. Astudillo and Wesley W. Ingwersen and M. Barclay Satterfield and David P. Evers and Christoph Koffler and Tom{\'{a}}s Navarrete and Ben Amor and Lise Laurin},
  title         = {{LCA} capability roadmap{\textemdash}product system model description and revision},
  journal       = {The International Journal of Life Cycle Assessment},
  year          = {2018},
  month         = {feb},
  __markedentry = {[b:1]},
  doi           = {10.1007/s11367-018-1446-8},
  publisher     = {Springer Nature},
}

@Article{Laurent_2014,
  author        = {Alexis Laurent and Julie Clavreul and Anna Bernstad and Ioannis Bakas and Monia Niero and Emmanuel Gentil and Thomas H. Christensen and Michael Z. Hauschild},
  title         = {Review of {LCA} studies of solid waste management systems {\textendash} Part {II}: Methodological guidance for a better practice},
  journal       = {Waste Management},
  year          = {2014},
  volume        = {34},
  number        = {3},
  pages         = {589--606},
  month         = {mar},
  __markedentry = {[b:1]},
  doi           = {10.1016/j.wasman.2013.12.004},
  owner         = {Brandon},
  publisher     = {Elsevier {BV}},
  timestamp     = {2017.02.07},
}

@Article{Lloyd2007,
  author        = {Lloyd, Shannon M. and Ries, Robert},
  title         = {Characterizing, Propagating, and Analyzing Uncertainty in Life-Cycle Assessment: A Survey of Quantitative Approaches},
  journal       = {Journal of Industrial Ecology},
  year          = {2007},
  volume        = {11},
  number        = {1},
  pages         = {161--179},
  issn          = {1530-9290},
  __markedentry = {[b:1]},
  doi           = {10.1162/jiec.2007.1136},
  keywords      = {error analysis, error propagation, industrial ecology, modeling, simulation, variability},
  owner         = {Brandon},
  publisher     = {Blackwell Publishing Ltd},
  timestamp     = {2015.10.30},
}

@Article{Majeau_Bettez_2014,
  author        = {Guillaume Majeau-Bettez and Richard Wood and Anders Hammer Str{\o}mman},
  title         = {Unified Theory of Allocations and Constructs in Life Cycle Assessment and Input-Output Analysis},
  journal       = {Journal of Industrial Ecology},
  year          = {2014},
  volume        = {18},
  number        = {5},
  pages         = {747--770},
  month         = {aug},
  __markedentry = {[b:1]},
  doi           = {10.1111/jiec.12142},
  publisher     = {Wiley-Blackwell},
  url           = {https://doi.org/10.1111%2Fjiec.12142},
}

@Article{McManus_2015,
  author        = {Marcelle C. McManus and Caroline M. Taylor and Alison Mohr and Carly Whittaker and Corinne D. Scown and Aiduan Li Borrion and Neryssa J. Glithero and Yao Yin},
  title         = {Challenge clusters facing {LCA} in environmental decision-making{\textemdash}what we can learn from biofuels},
  journal       = {The International Journal of Life Cycle Assessment},
  year          = {2015},
  volume        = {20},
  number        = {10},
  pages         = {1399--1414},
  month         = {aug},
  __markedentry = {[b:1]},
  doi           = {10.1007/s11367-015-0930-7},
  owner         = {Brandon},
  publisher     = {Springer Nature},
  timestamp     = {2017.02.07},
}

@InProceedings{Mila_e_Canals_2015,
  author        = {Mila i Canals, L. and Asselin, A.-C. and Cruypenninck, H., Liu and S., Ingwersen, W. and Macdonald, T.},
  title         = {Towards a Global Network of Interoperable LCA Databases.},
  booktitle     = {Proceedings of SETAC Europe 25th Annual Meeting (SETAC Europe 2015)},
  year          = {2015},
  __markedentry = {[b:1]},
}

@Article{Pauliuk_2015_framework,
  author        = {Stefan Pauliuk and Guillaume Majeau-Bettez and Daniel B. M\"uller},
  title         = {A General System Structure and Accounting Framework for Socioeconomic Metabolism},
  journal       = {Journal of Industrial Ecology},
  year          = {2015},
  volume        = {19},
  number        = {5},
  pages         = {728--741},
  month         = {jul},
  __markedentry = {[b:1]},
  doi           = {10.1111/jiec.12306},
  publisher     = {Wiley-Blackwell},
  url           = {http://dx.doi.org/10.1111/jiec.12306},
}

@Article{Pelletier_2014,
  author        = {Nathan Pelletier and Fulvio Ardente and Miguel Brand{\~{a}}o and Camillo De Camillis and David Pennington},
  title         = {Rationales for and limitations of preferred solutions for multi-functionality problems in {LCA}: is increased consistency possible?},
  journal       = {The International Journal of Life Cycle Assessment},
  year          = {2014},
  volume        = {20},
  number        = {1},
  pages         = {74--86},
  month         = {nov},
  __markedentry = {[b:1]},
  doi           = {10.1007/s11367-014-0812-4},
  owner         = {Brandon},
  publisher     = {Springer Nature},
  timestamp     = {2017.02.07},
}

@Article{Peters_JLCA_2007,
  author        = {Peters, Glen P.},
  title         = {Efficient algorithms for Life Cycle Assessment, Input-Output Analysis, and Monte-Carlo Analysis},
  journal       = {Int.\ J.\ Life Cycle Assess.},
  year          = {2007},
  volume        = {12},
  number        = {6},
  pages         = {373-380},
  issn          = {0948-3349},
  __markedentry = {[b:1]},
  doi           = {10.1065/lca2006.06.254},
  keywords      = {Algorithms; input-output analysis (IOA); matrix inverse; Monte-Carlo; numerical approaches; power series expansion; sensitivity analysis},
  language      = {English},
  publisher     = {Ecomed},
  url           = {http://dx.doi.org/10.1065/lca2006.06.254},
}

@Article{Plevin_2013,
  author        = {Richard J. Plevin and Mark A. Delucchi and Felix Creutzig},
  title         = {Using Attributional Life Cycle Assessment to Estimate Climate-Change Mitigation Benefits Misleads Policy Makers},
  journal       = {Journal of Industrial Ecology},
  year          = {2013},
  volume        = {18},
  number        = {1},
  pages         = {73--83},
  month         = {nov},
  __markedentry = {[b:1]},
  doi           = {10.1111/jiec.12074},
  owner         = {Brandon},
  publisher     = {Wiley-Blackwell},
  timestamp     = {2017.02.07},
}

@Article{Rainville_2015,
  author        = {Anne Rainville and Richard Hawkins and Joule Bergerson},
  title         = {Building consensus in life cycle assessment: the potential for a Canadian product category rules standard to enhance credibility in greenhouse gas emissions estimates for Alberta{\textquotesingle}s oil sands},
  journal       = {Journal of Cleaner Production},
  year          = {2015},
  volume        = {103},
  pages         = {525--533},
  month         = {sep},
  __markedentry = {[b:1]},
  doi           = {10.1016/j.jclepro.2014.06.067},
  owner         = {Brandon},
  publisher     = {Elsevier {BV}},
  timestamp     = {2017.02.07},
}

@Article{reap2008_I,
  author        = {John Reap and Felipe Roman and Scott Duncan and Bert Bras},
  title         = {A survey of unresolved problems in life cycle assessment Part 1: goal and scope and inventory analysis},
  journal       = {Int.\ J.\ Life Cycle Assess.},
  year          = {2008},
  volume        = {13},
  number        = {4},
  pages         = {290--300},
  __markedentry = {[b:1]},
}

@TechReport{SETAC_inventory_1998,
  author        = {R. Clift and R. Frischknecht and G. Huppes and A.-M. Tillman and B. Weidema},
  title         = {Toward a Coherent Approach to Life Cycle Inventory Analysis. Report of the Working Group on Inventory Enhancement},
  institution   = {SETAC-Europe},
  year          = {1998},
  __markedentry = {[b:1]},
  keywords      = {foreground, background},
}

@Article{Speck_2015,
  author        = {Speck, Ricky and Selke, Susan and Auras, Rafael and Fitzsimmons, James},
  title         = {Life Cycle Assessment Software: Selection Can Impact Results},
  journal       = {Journal of Industrial Ecology},
  year          = {2015},
  volume        = {20},
  number        = {1},
  pages         = {18â€“28},
  month         = {Mar},
  issn          = {1088-1980},
  __markedentry = {[b:1]},
  doi           = {10.1111/jiec.12245},
  owner         = {Brandon},
  publisher     = {Wiley-Blackwell},
  timestamp     = {2016.04.22},
  url           = {http://dx.doi.org/10.1111/jiec.12245},
}

@Article{Suh_JIE_2010,
  author        = {Suh, Sangwon and Weidema, Bo and Schmidt, Jannick Hoejrup and Heijungs, Reinout},
  title         = {Generalized Make and Use Framework for Allocation in Life Cycle Assessment},
  journal       = {J.\ Ind.\ Ecol.},
  year          = {2010},
  volume        = {14},
  number        = {2},
  pages         = {335--353},
  issn          = {1530-9290},
  __markedentry = {[b:1]},
  doi           = {10.1111/j.1530-9290.2010.00235.x},
  keywords      = {by-product-technology model, industrial ecology, industry-technology model, inputÃ¢Ë†â€™output analysis (IOA), partitioning, system expansion},
  publisher     = {Blackwell Publishing Inc},
  url           = {http://dx.doi.org/10.1111/j.1530-9290.2010.00235.x},
}

@Article{Suh2004,
  author        = {Suh, S. and Lenzen, M. and Treloar, G.J. and Hondo, H. and Horvath, A. and Huppes, G. and Jolliet, O. and Klann, U. and Krewitt, W. and Moriguchi, Y. and Munksgaard, J. and Norris, G.},
  title         = {System boundary selection in life-cycle inventories using hybrid approaches},
  journal       = {Environ. Sci. Technol.},
  year          = {2004},
  volume        = {38},
  number        = {3},
  pages         = {657--664},
  note          = {DOI: 10.1021/es0263745},
  __markedentry = {[b:1]},
  owner         = {Brandon},
  timestamp     = {2015.10.30},
}

@Article{Suh2005a,
  author        = {Sangwon Suh and Gjalt Huppes},
  title         = {Methods for Life Cycle Inventory of a product},
  journal       = {Journal of Cleaner Production},
  year          = {2005},
  volume        = {13},
  number        = {7},
  pages         = {687 - 697},
  issn          = {0959-6526},
  __markedentry = {[b:1]},
  doi           = {http://dx.doi.org/10.1016/j.jclepro.2003.04.001},
  keywords      = {Life Cycle Inventory (LCI)},
  owner         = {Brandon},
  timestamp     = {2015.10.30},
  url           = {http://www.sciencedirect.com/science/article/pii/S0959652604000289},
}

@Article{Turconi_2013,
  author        = {Roberto Turconi and Alessio Boldrin and Thomas Astrup},
  title         = {Life cycle assessment ({LCA}) of electricity generation technologies: Overview, comparability and limitations},
  journal       = {Renewable and Sustainable Energy Reviews},
  year          = {2013},
  volume        = {28},
  pages         = {555--565},
  month         = {dec},
  __markedentry = {[b:1]},
  doi           = {10.1016/j.rser.2013.08.013},
  owner         = {Brandon},
  publisher     = {Elsevier {BV}},
  timestamp     = {2017.02.07},
}

@TechReport{UNEP_2011,
  author        = {UNEP/SETAC},
  title         = {Global Guidance Principles for Life Cycle Assessment Databases},
  institution   = {United Nations Environment Programme},
  year          = {2011},
  __markedentry = {[b:1]},
  keywords      = {Shonan Guidance Principles},
  owner         = {Brandon},
  timestamp     = {2015.10.30},
}

@Article{van_der_Harst_2013,
  author        = {Eugenie van der Harst and Jos{\'{e}} Potting},
  title         = {A critical comparison of ten disposable cup {LCAs}},
  journal       = {Environmental Impact Assessment Review},
  year          = {2013},
  volume        = {43},
  pages         = {86--96},
  month         = {nov},
  __markedentry = {[b:1]},
  doi           = {10.1016/j.eiar.2013.06.006},
  owner         = {Brandon},
  publisher     = {Elsevier {BV}},
  timestamp     = {2017.02.07},
}

@Article{Wilkinson_2016,
  author        = {Mark D. Wilkinson and Michel Dumontier and IJsbrand Jan Aalbersberg and Gabrielle Appleton and Myles Axton and Arie Baak and Niklas Blomberg and Jan-Willem Boiten and Luiz Bonino da Silva Santos and Philip E. Bourne and Jildau Bouwman and Anthony J. Brookes and Tim Clark and Merc{\`{e}} Crosas and Ingrid Dillo and Olivier Dumon and Scott Edmunds and Chris T. Evelo and Richard Finkers and Alejandra Gonzalez-Beltran and Alasdair J.G. Gray and Paul Groth and Carole Goble and Jeffrey S. Grethe and Jaap Heringa and Peter A.C 't Hoen and Rob Hooft and Tobias Kuhn and Ruben Kok and Joost Kok and Scott J. Lusher and Maryann E. Martone and Albert Mons and Abel L. Packer and Bengt Persson and Philippe Rocca-Serra and Marco Roos and Rene van Schaik and Susanna-Assunta Sansone and Erik Schultes and Thierry Sengstag and Ted Slater and George Strawn and Morris A. Swertz and Mark Thompson and Johan van der Lei and Erik van Mulligen and Jan Velterop and Andra Waagmeester and Peter Wittenburg and Katherine Wolstencroft and Jun Zhao and Barend Mons},
  title         = {The {FAIR} Guiding Principles for scientific data management and stewardship},
  journal       = {Scientific Data},
  year          = {2016},
  volume        = {3},
  pages         = {160018},
  month         = {mar},
  __markedentry = {[b:1]},
  doi           = {10.1038/sdata.2016.18},
  publisher     = {Springer Nature},
}

@Book{Heijungs2002,
  title     = {The computational structure of life cycle assessment},
  publisher = {Springer Science \& Business Media},
  year      = {2002},
  author    = {Heijungs, Reinout and Suh, Sangwon},
  volume    = {11},
  owner     = {Brandon},
  timestamp = {2015.10.30},
}

@Comment{jabref-meta: databaseType:bibtex;}
